1665 2990
1475 117 1507 141 x„
1538 123 1541 127 ι

211 150 318 217 428
430 151 901 204 EPISTOLA
962 153 1401 212 II.L113.II.

212 236 515 288 Stultitiam:
553 236 618 296 (θ’
646 255 784 305 quum
800 238 866 308 fis
893 236 1035 287 nihilo
1051 239 1340 307 sapientior,
1374 261 1433 293 ex
1457 251 1545 314 quo‘

213 306 401 357 Plenior
425 327 468 357 es
484 344 500 370 ,
534 320 691 357 tamen
714 310 863 358 utiris
889 309 1189 358 monitoribus
1210 311 1403 379 iisdem?

215 381 298 426 At
313 379 362 447 si
381 379 568 427 divitiae
586 379 860 445 prudentem
887 380 1072 428 reddere
1091 382 1268 449 poſjent
1285 421 1301 448 3
1451 401 1545 454 155

215 452 267 494 Si
293 448 498 513 cupidum
525 450 824 517 timidumque
849 455 996 499 minus
1023 461 1069 500 te
1093 486 1110 513 ,
1145 467 1298 517 nempe
1323 452 1506 502 ruberes
1528 491 1545 520 ,

139 559 154 571 γ
217 519 414 567 Viveret
440 524 491 567 in
514 526 654 568 terris
683 521 792 590 test
816 525 919 588 quis
944 526 1144 571 avarior
1170 540 1274 573 uno.

215 592 266 637 Si
284 595 520 655 proprium
545 590 606 659 est
632 592 757 658 quod
776 596 877 658 quis
890 590 1015 640 librci
1029 605 1259 641 mercatus
1275 591 1338 650 ό»
1353 592 1548 663 aereest,

217 656 456 726 Qaedam
471 700 488 726 ,
510 661 557 731 fi
577 661 719 710 credis
747 661 989 729 confiiltis,
1022 668 1258 730 mancipat
1286 664 1406 732 ustis.

217 728 323 797 Qi
344 743 391 778 te
404 732 557 799 pafiit
571 749 679 794 ager
691 772 708 798 ,
731 744 841 781 tuus
855 733 916 801 est
933 750 943 782 :
982 732 1046 791 ὠ·
1060 733 1245 783 villicus
1262 734 1411 800 Orbi,
1450 752 1467 785 1
1482 737 1551 786 60

217 798 383 869 Qum
399 803 575 870 segetes
600 814 727 851 occat
750 842 767 868 ,
803 805 894 852 tibi
918 821 1025 852 mox
1039 804 1293 872 frumenta
1318 804 1518 853 daturus
1533 843 1552 872 ,

217 874 282 919 Te
309 871 537 922 dominum
555 873 735 941 sentit:
774 874 860 923 das
884 891 1116 940 nummos,
1149 880 1307 940 accipis
1333 893 1511 940 uvam,

215 939 404 1004 Pullos,
437 960 563 1009 ova,
597 944 756 992 cadum
780 949 955 995 temeti.
1026 949 1204 1011 Nempe
1229 944 1355 993 modo
1378 944 1460 1013 isto

220 1011 465 1062 Paulatim
490 1019 704 1063 mercaris
727 1033 916 1076 agrum,
936 1015 1139 1083 fortaffi
1165 1020 1412 1076 trecentis,
1489 1060 1491 1062 .

217 1087 332 1132 Aut
357 1089 501 1132 etiam
517 1084 693 1151 stipra,
710 1101 995 1133 nummorum
1022 1082 1220 1133 millibus
1232 1097 1417 1134 emtum.
1459 1089 1551 1154 165

218 1151 363 1222 Qid
385 1154 560 1222 refert,
594 1159 744 1203 vivas
771 1167 1013 1204 numerato
1040 1170 1216 1221 nuper,
1252 1174 1317 1204 an
1343 1154 1486 1205 olim?

218 1227 394 1275 Emtor
419 1229 611 1273 Aricini
635 1226 863 1292 quondam
892 1229 1095 1275 Veientis
1122 1226 1187 1284 ό·
1213 1232 1356 1293 arvi,

217 1295 419 1344 Emtum
447 1308 599 1344 coenat
623 1295 750 1363 olus,
787 1301 1006 1364 quamvis
1032 1296 1174 1346 aliter
1194 1309 1340 1362 putat
1375 1315 1384 1348 :
1422 1300 1555 1346 emtis

217 1364 311 1413 Sub
338 1367 513 1414 noctem
531 1365 732 1429 gelidam
757 1366 891 1429 lignis
921 1365 1171 1435 calefactat
1198 1367 1410 1418 ahenum.

219 1435 314 1484 Sed
322 1447 466 1485 vocat
479 1437 616 1505 usque
618 1437 757 1505 situm
774 1474 790 1499 ,
826 1436 920 1504 qua*
925 1437 1115 1504 populus
1128 1438 1278 1508 adsita
1292 1443 1427 1487 certis
1462 1456 1482 1489 1
1494 1454 1560 1506 70

218 1506 482 1556 Limitibus
507 1512 668 1556 vicina
695 1508 867 1575 refugit
878 1509 1058 1573 jurgia.
1118 1514 1358 1575 Tanquam

219 1580 296 1624 Sit
314 1583 549 1643 proprium
577 1584 786 1646 cuiquam
814 1619 829 1644 ,
855 1580 1026 1645 punito
1054 1580 1179 1647 quod
1197 1578 1374 1628 mobilis
1401 1577 1558 1643 horae,

217 1650 362 1697 Nunc
380 1664 543 1715 prece,
580 1667 699 1698 nunc
712 1654 896 1717 pretio,
932 1667 1053 1699 nunc
1080 1655 1166 1717 vi,
1194 1668 1312 1700 nunc
1326 1649 1456 1719 sorte
1472 1650 1560 1718 su·-

474 1736 636 1786 prema
651 1756 668 1782 ,

218 1790 463 1838 Permutet
488 1791 717 1857 dominos,
752 1790 818 1848 &
841 1790 976 1840 cedat
1002 1795 1053 1840 in
1081 1790 1237 1841 altera
1252 1791 1387 1857 jura.
1537 1840 1539 1842 ,

220 1863 293 1907 Sic
317 1864 427 1926 quia
444 1872 691 1927 perpetuus
718 1859 834 1910 nulli
861 1861 1006 1910 datur
1035 1862 1170 1927 usus,
1203 1859 1268 1919 ὠ
1294 1861 1424 1909 heres
1466 1875 1557 1928 175

220 1930 451 1978 Heredem
477 1930 699 1996 alterius,
736 1930 872 1979 velut
899 1931 1025 1979 unda
1040 1931 1318 1997 supervenit
1355 1929 1558 1979 undam:³

223 1998 366 2067 Qid
388 2006 484 2049 vici
500 2001 728 2068 prosunt,
762 2012 849 2049 aut
875 2001 1080 2049 horrea?
1114 2001 1286 2069 quidve
1313 1998 1527 2051 Calabris

222 2068 434 2119 Saltibus
459 2071 629 2137 adjecti
656 2072 877 2120 Lucani?
901 2072 950 2142 si
971 2075 1108 2120 metit
1139 2076 1286 2120 Orcus

223 2142 442 2190 Grandia
470 2160 566 2191 cum
581 2147 783 2209 parvis,
819 2158 910 2191 non
935 2140 1186 2190 exorabilis
1210 2142 1361 2191 auro?

225 2214 469 2279 Gemmas,
505 2230 736 2274 marmor,
770 2211 910 2279 ebur,
944 2210 1180 2281 Zyrrhena
1191 2210 1379 2283 figilla,
1413 2210 1566 2261 tabel-

486 2282 560 2332 las
583 2319 600 2345 ,
1468 2300 1489 2334 1
1503 2286 1567 2338 80

223 2352 529 2416 'Argentum,
565 2353 711 2421 vestes
739 2351 924 2403 Gaetulo
951 2359 1121 2404 murice
1145 2355 1320 2403 tinctas
1335 2392 1352 2419 ,

227 2427 348 2471 Sunt
376 2429 455 2491 qui
480 2441 570 2474 non
595 2424 835 2487 habeant,
871 2423 934 2493 est
959 2429 1039 2492 qui
1065 2441 1156 2473 non
1180 2435 1318 2473 curat
1341 2422 1527 2474 habere.

228 2498 325 2543 Cur
348 2493 473 2544 alter
483 2495 704 2565 fratrum
729 2497 890 2565 ceffizre
917 2493 982 2554 «ᾗ»
1007 2493 1191 2561 ludere,
1224 2493 1289 2554 ὠ
1313 2498 1424 2557 ungi

1433 2565 1571 2613 Prae-'

294 2669 368 2713 156
393 2670 626 2722 timidumque
648 2671 787 2712 minus,
815 2679 869 2709 tu.
935 2670 1003 2709 161
1032 2671 1201 2707 daturas.

295 2725 368 2772 169
393 2726 566 2776 gelidum.
630 2737 703 2778 172
733 2727 943 2779 quidquam.
1007 2736 1078 2778 173
1109 2733 1232 2764 morte·
1295 2733 1369 2775 175
1401 2723 1485 2764 Sed.
