1665 2990
51 2515 74 2543 h

268 133 852 193 EPISToLssKle
918 132 1092 185 Lm.
1155 131 1222 184 11.
1336 102 1450 204 425'

115 226 329 278 Tendunt
355 238 626 293 extorquere
657 224 897 271 Poemata.
944 218 1083 286 Qid
1088 218 1270 286 faciam
1293 221 1408 268 vis?

114 303 328 366 Denique
354 314 445 346 non
469 311 614 343 omnes
640 292 795 341 eadem
823 295 1059 339 mirantur
1083 300 1334 355 amantque
1350 306 1365 335 .·

117 373 338 418 Carmine
362 379 414 416 tu
436 364 636 429 gaudes,
667 362 740 410 hic
763 359 1021 410 delectatur
1046 358 1213 407 ’iambis
1231 377 1246 405 .-

119 436 236 501 Ille,
273 441 458 487 Bioneis
475 431 791 502 sermonibus,
826 429 890 487 (φ
905 428 1010 497 sale
1037 433 1182 490 nigro,
1385 429 1455 481 60

119 513 229 557 Tres
253 507 365 556 mihi
391 509 604 555 convivae
620 499 760 568 prope
786 501 1019 572 diffintire
1045 499 1306 565 videntur,
1434 520 1440 535 ν

118 579 355 646 Pofientes
380 580 518 626 vario
546 570 741 622 multum
767 569 955 638 diversa
972 568 1155 635 palata.
1385 612 1387 614 ,

118 647 259 715 Qid
278 647 377 695 dem
407 647 425 693 ,ἲ
459 644 575 712 quid
593 660 685 693 non
709 641 809 691 dem
828 640 860 690 ’.2
892 645 1064 691 Renuis
1092 652 1146 690 tu
1174 639 1299 709 quod
1309 637 1453 706 jubet

381 714 520 766 alter.
1438 755 1443 759 .

121 787 273 855 Qod
282 791 433 853 petis,
468 785 520 835 id
530 784 648 853 sane
674 783 735 853 est
761 783 965 851 invisum
991 782 1256 850 acidumque
1269 780 1452 831 duobus,

121 862 309 907 Praeter
336 869 517 921 cetera,
552 871 622 902 me
647 860 860 904 Romaene
885 857 1110 903 Po‘e‘mata
1139 853 1283 920 censes
1387 859 1451 918 65

118 927 320 976 Scribere
336 928 484 996 poffl,
519 930 645 974 inter
671 935 746 973 tot
774 941 906 974 curas
921 959 938 985 ,
973 935 1134 990 totque
1157 922 1373 971 labores?

121 1001 212 1047 Hic
227 997 440 1066 sponfiim
464 1008 636 1061 vocat,
669 995 741 1043 hic
767 995 981 1044 auditum
998 993 1179 1060 scripta
1200 1033 1216 1059 ,
1252 993 1425 1041 relictis

121 1068 348 1116 Omnibus
374 1066 546 1131 officiis.
596 1065 750 1115 Cubat
775 1064 847 1114 hic
873 1071 924 1113 in
951 1062 1058 1112 colle
1084 1063 1282 1131 Qirini
1295 1099 1312 1126 ,

118 1142 213 1188 Hic
240 1149 446 1186 extremo
471 1141 521 1185 in
556 1141 841 1186 Aventino:
877 1133 1094 1203 vzfindus
1120 1146 1342 1201 uterque:

123 1205 394 1258 Intervalla
427 1207 561 1255 vides
586 1205 787 1255 humane*
809 1205 1050 1256 commoda.
1097 1204 1286 1253 ·Verum
1363 1253 1366 1255 ,
1391 1217 1458 1270 70

121 1282 262 1327 Purae
277 1279 399 1345 sunt
411 1276 617 1343 plateae,
649 1275 773 1326 nihil
791 1288 845 1324 ut
876 1274 1213 1324 meditantibus
1241 1271 1402 1342 obstet.

119 1347 331 1416 Festinat
359 1345 531 1396 calidus
557 1345 691 1395 mulis
716 1344 972 1413 gerulisqM
999 1346 1280 1410 redemptor:

122 1422 325 1486 Torquet
350 1435 468 1466 nunc
493 1414 848 1484 lapidem,nunc
860 1420 1017 1477 ingens
1028 1414 1242 1465 machina
1257 1419 1456 1480 tignum:

120 1489 289 1556 Tristia
316 1486 506 1555 robustis
527 1486 770 1537 luctantur
781 1487 961 1556 funera
974 1483 1198 1554 plaustris
1212 1503 1227 1533 .·

123 1563 230 1608 Hac
257 1558 439 1627 rabiosa
449 1557 585 1626 fugit
612 1563 739 1607 canis
754 1558 868 1622 ,hac
883 1553 1118 1606 lutulenta
1144 1561 1242 1605 ruit
1254 1556 1352 1624 sits.
1393 1569 1456 1625 75

119 1634 153 1680 1
174 1648 324 1695 nunc,
358 1628 422 1687 ὠ
446 1628 609 1696 versus
638 1640 783 1677 tecum
807 1628 1030 1676 meditare
1059 1643 1260 1676 canoros.

121 1704 400 1767 Scriptorum
437 1697 598 1747 chorus
637 1701 781 1748 omnis
821 1709 955 1747 amat
998 1714 1155 1746 nemus
1182 1731 1199 1759 ,
1234 1694 1299 1755 &
1321 1695 1461 1765 fugit,

387 1768 521 1818 urbes

122 1844 232 1892 Rite
258 1839 394 1889 cliens
417 1839 621 1906 Bacchi,
643 1839 804 1907 somno
824 1837 1074 1901 gaudentis
1101 1836 1166 1896 ὦ·
1190 1835 1388 1886 umbra:

123 1914 191 1960 Tu
219 1929 287 1959 me
311 1915 437 1960 inter
448 1909 673 1977 strepitus
700 1912 946 1960 nocturnos
971 1921 1115 1977 atque
1129 1909 1316 1958 diurnos

123 1984 203 2030 Vis
228 1979 752 2049 canere,&c0ntracz=a
771 1982 903 2048 sequi
931 1979 1124 2047 vestigia
1149 1976 1358 2027 vatum?
1396 1977 1460 2030 80

125 2054 393 2118 Ingenium,
413 2053 505 2123 fibi
529 2050 652 2118 quod
674 2067 850 2100 vacuas
878 2049 1086 2119 deficmfit
1112 2047 1371 2114 Athenas,

127 2125 200 2171 Et
215 2121 387 2189 studiis
410 2139 554 2173 annos
567 2122 743 2189 septem
771 2120 927 2182 dedit,
960 2121 1247 2188 insenuitque

126 2190 293 2241 Libris
323 2190 387 2250 ῤ’
417 2198 566 2254 curis,
589 2188 760 2258 statua
789 2195 1070 2240 taciturnius
1098 2195 1201 2237 exit

125 2259 425 2330 Plerumque,
461 2263 526 2322 ὠ·
553 2262 646 2327 rific
665 2259 880 2327 populum
905 2265 1067 2328 quatit
1083 2279 1097 2308 .·
1114 2260 1186 2308 hic
1212 2276 1286 2321 ego
1310 2275 1461 2308 rerum

127 2330 362 2381 Fluctibus
387 2339 437 2382 in
459 2332 644 2393 mediis,
681 2331 744 2389 &¹
772 2330 1113 2398 tempestatibus
1141 2329 1266 2379 urbis
1285 2369 1302 2394 ,
1399 2330 1459 2397 85

130 2400 280 2462 Verba
307 2400 417 2470 lyrae
444 2415 626 2452 motura
640 2400 804 2469 sonum
833 2402 1090 2449 connectere
1113 2400 1308 2462 digner?

129 2476 298 2521 Frater
323 2485 429 2522 erat
452 2477 607 2525 Romae
635 2469 826 2539 consulti
852 2470 1010 2521 rhetor
1027 2490 1042 2520 :
1083 2482 1138 2522 ut
1162 2467 1286 2519 alter
1424 2535 1463 2586 l-

190 2655 239 2703 63
268 2656 363 2703 quod
381 2663 436 2691 tn.
498 2664 547 2704 77
579 2667 619 2691 ac
634 2653 750 2704 fugit.
796 2655 844 2691 80
874 2655 1042 2690 tundata
1054 2650 1175 2701 sequi.

191 2709 236 2748 ξι
271 2723 332 2761 qm
352 2722 501 2749 vacuas.
562 2710 609 2749 82
644 2711 693 2748 Ut
708 2709 856 2759 studiis.
918 2709 965 2760 83
1000 2706 1230 2747 taciturnior.
