1665 2990
329 143 714 203 EP-xsTbLA
760 140 892 199 XX.‘
959 141 1111 196 [ηιξ
1171 145 1213 196 Ι.
1364 151 1472 222 27¹7⁴

136 235 250 286 Non
275 236 366 281 erit
391 233 538 302 emiſjb
565 229 742 281 reditus
767 229 868 278 tibi.
944 227 1084 298 Qid
1102 233 1236 300 miser
1257 232 1357 295 egi?

140 301 279 372 Qid
295 301 426 354 volui
441 302 461 350 ,ἲ
497 302 643 364 dices,
673 298 753 352 ubi
780 303 883 366 quis
907 309 956 347 te
982 298 1171 368 laesbrit.
1208 305 1282 351 Et
1295 303 1389 371 fiis
1455 342 1459 344 .

135 378 198 423 In
225 373 439 426 brevete
461 376 580 438 cogi,
615 386 753 439 quum
769 367 935 434 plenus
961 368 1151 433 languet
1179 384 1380 425 amator.

135 443 341 514 Qodfi
359 460 450 492 non
475 441 573 490 odio
590 443 825 507 peccantis
848 439 1005 509 desipit
1031 458 1207 510 augur,

137 520 287 563 Carus
313 517 402 561 eris
426 516 580 561 Romae
608 509 743 559 donec
771 520 819 557 te
841 510 1025 578 defi’rat
1049 524 1184 562 aetas.
1406 530 1471 569 ιο

139 583 466 632 θοκῐνθὲἶαΐκς
492 579 572 629 ubi
597 578 808 629 manibus
824 580 1079 648 sordescere
1104 581 1234 645 vulgi

137 658 357 719 Coeperis,
390 661 477 700 aut
506 654 659 699 tineas
674 649 830 719 pasces
855 656 1122 701 taciturnus
1148 657 1350 715 inertes,

136 727 252 772 Aut
260 722 416 790 fugies
446 725 630 771 Uticam
661 757 677 783 2
711 732 802 770 aut
828 723 993 771 unctus
1020 723 1224 772 mitteris
1252 722 1469 773 Ilerdam,

136 793 325 843 Ridebit
348 795 544 840 monitor
567 807 656 839 non
685 791 935 841 exauditus
950 811 964 840 .-
998 805 1054 841 ut
1079 792 1156 842 ille

134 862 238 930 Qi
265 859 380 910 male
394 873 640 926 parentem
666 866 717 910 in
747 876 877 927 rupes
894 864 1123 931 protrusit
1149 862 1337 932 asellum
1410 883 1469 934 ις

135 937 316 983 Iratus.
375 931 501 1000 Qis
528 936 646 981 enim
671 935 882 981 invitum
891 935 1092 1001 servare
1113 931 1329 982 laboret?

136 1007 238 1054 Hoc
271 1019 448 1071 quoque
474 1013 522 1052 te
549 1014 708 1052 manet
735 1042 753 1069 2
795 1014 850 1052 ut
869 1018 1033 1070 pueros
1062 1002 1285 1056 elementa
1313 1004 1474 1055 docen-

337 1083 431 1121 tem

140 1146 337 1210 Occupet
362 1147 582 1191 extremis
604 1146 656 1192 in
682 1146 799 1194 vicis
827 1142 966 1193 balba
980 1145 1207 1214 feneitas.

141 1213 304 1281 Qum
329 1213 419 1261 tibi
435 1211 515 1281 sol
534 1213 713 1279 tepidus
726 1212 883 1280 plures
905 1217 1170 1265 admoverit
1196 1233 1329 1266 aures
1344 1218 1377 1285 ,“

141 1289 228 1333 Me
253 1281 469 1331 libertino
495 1295 661 1331 natum
674 1296 846 1349 patre,
881 1284 945 1342 όν
972 1290 1023 1334 in
1050 1291 1180 1335 tenui
1203 1303 1253 1334 re
1406 1304 1475 1340 20

140 1353 349 1418 Majores
366 1367 545 1419 pennas
571 1353 677 1401 nido
700 1354 889 1401 extendi
925 1372 950 1401 e
974 1354 1198 1422 loqueris,

136 1426 205 1474 Ut
231 1429 459 1491 quantum
481 1427 636 1484 generi
658 1422 841 1490 demas,
875 1425 1141 1474 virtutibus
1166 1426 1329 1479 addas.

139 1498 227 1544 Me
243 1497 411 1559 primis
435 1493 575 1542 Urbis
602 1491 705 1542 belli
721 1491 937 1564 placuiſje
961 1496 1168 1564 domique
1184 1515 1200 1544 .·

139 1567 350 1632 Corporis
376 1563 561 1626 exigui}
585 1578 883 1631 praecanum,
904 1564 1079 1634 solibus
1103 1578 1295 1633 aptum:

140 1634 288 1701 Irasci
312 1630 521 1700 celerem,
556 1644 715 1683 tamen
740 1646 796 1682 ut
810 1634 1058 1702 placabilis
1081 1639 1225 1707 efflm.
1403 1653 1471 1709 25

140 1709 281 1754 Forte
308 1720 453 1753 meum
469 1705 517 1775 fi
537 1708 640 1772 quis
666 1716 715 1753 te
726 1706 1080 1771 percontabitur
1111 1725 1298 1771 aevum,

142 1779 229 1823 Me
252 1775 644 1841 quaterundenos
656 1777 785 1844 sciat
812 1775 1058 1846 impleviffe
1079 1777 1357 1848 decembresD

142 1842 367 1908 Collegam
393 1846 621 1913 Lepidum
645 1863 734 1914 quo
759 1846 901 1897 duxit
924 1845 1104 1897 Lollius
1123 1866 1261 1901 anno⁰

138 1995 140 1997 >
201 1984 226 2019 5
255 1972 468 2022 descendere.
581 1987 604 2025 7
637 1977 739 2027 quid.
854 1978 876 2017 8
893 1979 1023 2029 plenus
1044 1991 1164 2031 quum.

204 2039 254 2067 10
282 2028 428 2080 deseru.
545 2043 591 2085 13
623 2032 783 2072 vindim-
